@article{Gieseke2018,
  doi = {10.21105/joss.00516},
  url = {https://doi.org/10.21105/joss.00516},
  year = {2018},
  publisher = {The Open Journal},
  volume = {3},
  number = {22},
  pages = {516},
  author = {Robert Gieseke and Sven N. Willner and Matthias Mengel},
  title = {Pymagicc: A Python wrapper for the simple climate model MAGICC},
  journal = {Journal of Open Source Software}
}
